@article{
	Garey1976,
	Author = {MR Garey, RL Graham, DS Johnson,A.C.C. Yao},
	Title = {Resource constrained scheduling as generalized
	bin packing},
	Journal = {Journal of Combinatorial Theory},
	Issue = {Series A},
	Pages = {257-298},
	Year = {1976} 
}

@unpublished{
	Rani2011,
	author       = {Rina Panigrahy and Kunal Talwar and Lincoln Uyeda and Udi Wieder},
	title        = {Heuristics for Vector Bin Packing},
	year         = {2011},
	note = {Microsoft Research}
	
}

@article{
	Anton1,
	Author = {Anton Beloglazov, and Rajkumar Buyya},
	Title = {Optimal Online Deterministic Algorithms and Adaptive Heuristics for Energy and Performance Efficient Dynamic Consolidation of Virtual Machines in 				Cloud Data Centers},
	Journal = {Concurrency and Computation: Practice and Experience},
	Volume = {24},
	Issue = {13},
	Pages = {1397-1420},
	Publisher = {John Wiley & Sons, Ltd, New York},
	Year = {2012}
}

@misc{
	binpacknote,
	author = {Subhash Suri},
	title = {Bin Packing Algorithms},
	note = {University of California},
}

@inproceedings{
	tightbounds,
	author = {Yossi Azar , Ilan Cohen , Seny Kamara , Bruce Shepherd },
	title = {Tight bounds for online vector bin packing},
	organization={ACM , New York},
	year = {2013}
}

@inproceedings{
	energyaware,
	author = {Al Shayeji M.H. , Samrajesh M.D.},
	title = {An energy aware virtual machine placement algorithm},
	pages={242-246},
	publisher={IEEE},
	year = {2012}
}

@inproceedings{
	openstack,
	author = {Bin Hu , Hong Yu},
	title = {Research of Scheduling Strategy on OpenStack},
	pages={191-196},
	publisher={IEEE},
	year = {2013}
}

@misc{
	iitb,
	title = {Virtual Machine Placement in Computing Clouds},
	author={Anjana Shankar},
	year = {2010}
}
